@inproceedings{qixin2006evolutionary,
  title={An evolutionary artificial potential field algorithm for dynamic path planning of mobile robot},
  author={Qixin, Cao and Yanwen, Huang and Jingliang, Zhou},
  booktitle={Intelligent Robots and Systems, International Conference on},
  pages={3331--3336},
  year={2006},
  organization={IEEE}
}

@inproceedings{ahumada2013accelerating,
  title={Accelerating Q-Learning through Kalman Filter Estimations Applied in a RoboCup SSL Simulation},
  author={Ahumada, Gabriel A and Nettle, Cristobal J and Solis, Miguel A},
  booktitle={Robotics Symposium and Competition (LARS/LARC), 2013 Latin American},
  pages={112--117},
  year={2013},
  organization={IEEE}
}

@misc{maxon2008ec,
  title={EC-Powermax 30 Catalogue Information},
  author={Maxon Motor, AG},
  year={2008},
  publisher={May}
}

@article{marano2003l6235,
  title={L6235 three phase brushless dc motor driver},
  author={Marano, Vincenzo},
  journal={Application Note, ST},
  year={2003}
}

@inproceedings{monajjemi2011grsim,
  title={grsim--robocup small size robot soccer simulator},
  author={Monajjemi, Valiallah and Koochakzadeh, Ali and Ghidary, Saeed Shiry},
  booktitle={Robot Soccer World Cup},
  pages={450--460},
  year={2011},
  organization={Springer}
}

@article{ge2000new,
  title={New potential functions for mobile robot path planning},
  author={Ge, Shuzhi Sam and Cui, Yan Juan},
  journal={IEEE Transactions on robotics and automation},
  volume={16},
  number={5},
  pages={615--620},
  year={2000},
  publisher={IEEE}
}

@article{lavalle1998rapidly,
  title={Rapidly-exploring random trees: A new tool for path planning},
  author={LaValle, Steven M},
  journal = {Iow  a State Univ., TR 98-11},
  year={1998},
  publisher={Citeseer}
}

@article{tigers2018etdp,
  title="{TIGERs Mannheim - Extended Team Description Paper}",
  author={Andre Ryll and Mark Geiger and Chris Carstensen and Nicolai Ommer},
  year={2018},
  organization={Robocup}
}

@article{ais2018tdp,
    title="{AIS Team Description Paper, Robocup}",
    author={Rodenas et. al},
    year={2018},
    organization={Robocup}
}

@inproceedings{bry2011rapidly,
    title={Rapidly-exploring random belief trees for motion planning under uncertainty},
    author={Bry, Adam and Roy, Nicholas},
    booktitle={Robotics and Automation (ICRA), 2011 IEEE International Conference on},
    pages={723--730},
    year={2011},
    organization={IEEE}
}

@article{RRT,
  author    = {Sertac Karaman and Emilio Frazzoli},
  title     = {Sampling-based Algorithms for Optimal Motion Planning},
  journal   = {CoRR},
  year      = {2011},
  pages = {16}
}

@article{STdatasheet,
    title="{STM32F747BIT6 datasheet}",
    author={ST electronics},
    year={2017},
    organization={ST electronics}
}

@misc{robojackets,
  title={Georgia Tech RoboJackets software for the RoboCup Small Size League (SSL)},
  organization={RoboJackets},
  url={https://github.com/RoboJackets/robocup-software}
}

@article{adxl312_datasheet,
    title={ADXL312 Digital Accelerometer Datasheet Rev B},
    author={ANALOG DEVICES INC},
    year={2017},
    organization={ANALOG DEVICES INC}
}
@article{gyro_datasheet,
    title={FXAS21002, 3-Axis Digital Angular Gyroscope Datasheet Rev 2.1},
    author={Freescale Semiconductor},
    year={2015},
    organization={Freescale Semiconductor Inc}
}
@article{
    proximity_data,
    title={Proximity and ambient light sensing (ALS) module VL6180X},
    author={ST electronics},
    year={2016},
    organization={ST electronics}
}

@article{MaxonEC45,
    title="{Maxon Motor EC45 flat specifications}",
    author={Maxon Motor},
    year={2018},
    organization={Maxon Motor}
}

@article{MaxonECmax,
    title="{Maxon Motor EC-max 22 specifications}",
    author={Maxon Motor},
    year={2018},
    organization={Maxon Motor}
}